@comment{This file has been generated by Pybliographer}


@Article{klok86,
  Author         = {{F. Klok}},
  Title          = {Two moving coordinate frames for sweeping along a 3{D}
                   trajectory},
  Journal        = {Computer Aided Geometric Design},
  Volume         = {3},
  Pages          = {217-229},
  month          = nov,
  year           = 1986
}

@Article{wang97,
  Author         = {{W. Wang} and {B. Joe}},
  Title          = {Robust computation of the rotation minimizing frame
                   for sweep surface modeling},
  Journal        = {Computer-Aided Design},
  Volume         = {23},
  Number         = {5},
  Pages          = {379-391},
  year           = 1997
}

@Article{hass85,
  Author         = {{J. Hass} and {J. Hughes}},
  Title          = {Immersions of {S}urfaces in 3-{M}anifolds},
  Journal        = {Topology},
  Volume         = {24},
  Number         = {1},
  Pages          = {97-112},
  year           = 1985
}

@Article{joshi,
  Author         = {{Pushkar Joshi} and {Carlo S\'equin}},
  Title          = {Energy {M}inimizers for {C}urvature-{B}ased {S}urface
                   {F}unctionals},
  Journal        = {Computer-Aided Design \& Applications},
  year           = 2007
}

@Article{wang08,
  Author         = {{Wenping Wang} and {Bert J\"uttler} and {Dayue Zheng}
                   and {Yang Liu}},
  Title          = {Computation of {R}otation {M}inimizing {F}rame in
                   {C}omputer {G}raphics},
  Journal        = {ACM Transactions on Graphics},
  Volume         = {27},
  Number         = {1},
  institution    = {University of Hong Kong},
  month          = mar,
  year           = 2008
}

@Article{bishop75,
  Author         = {{Richard L. Bishop}},
  Title          = {There is {M}ore than {O}ne {W}ay to {F}rame a {C}urve},
  Journal        = {The American Mathematical Monthly},
  Volume         = {82},
  Number         = {3},
  Pages          = {246-251},
  month          = mar,
  year           = 1975
}

@Misc{cheritat-08,
  Author         = {{A. Ch\'eritat}},
  Title          = {Torus eversion: turing a torus inside out},
  HowPublished   = {Video (49sec) --
                   http://www.youtube.com/watch?v=kQcy5DvpvlM},
  year           = 2008
}

@InProceedings{sequin11,
  Author         = {{Carlo H. S\'equin}},
  Title          = {Tori {S}tory},
  BookTitle      = {Bridges {C}onference {P}roceedings},
  Pages          = {121-130},
  Address        = {Coimbra, Portugal},
  month          = jul # { 27-31,},
  year           = 2011
}

